@online{BBXYamlJava,
  author = {MarkUgarov},
  title = {{BBXYamlJava} Git Repository},
  year = 2015,
  url = {https://github.com/MarkUgarov/BBXYamlJava},
  urldate = {2015-10-08}
}

@online{BOCCS,
  authors = {Hannes Steiner, Maxim, Alex, MarkUgarov},
  title = {{BOCCS - The Biological Online Computational Cluster Service} Git Repository},
  year = 2015,
  url = {https://github.com/staynerzone/BioboxSITBSources},
  urldate = {2015-10-08}
}

@online{AssemblerList,
  autor ={Peter Belmann},
  title = {{Assembler List} Git Raw},
  year = 2015,
  url = {https://raw.githubusercontent.com/bioboxes/data/master/images.yml},
  urldate = {2015-10-08}
}

@online{Netbeans,
  title = {{Netbeans} homepage},
  url = {https://raw.githubusercontent.com/bioboxes/data/master/images.yml},
  urldate = {2016-01-05}
}

@online{ObjectMapper,
  title = {{Object Mapper} description},
  year = 2015,
  url = {http://fasterxml.github.io/jackson-databind/javadoc/2.2.0/com/fasterxml/jackson/databind/ObjectMapper.htmll},
  urldate = {2015-10-08}
}

@online{BioBoxes,
  title = {{Bioboxes} homepage},
  year = 2015,
  url = {bioboxes.org},
  urldate = {2015-11-08}
}

@online{Umlet,
  title = {{UMLet} homepage},
  year = 2015,
  url = {bioboxes.org},
  urldate = {2015-01-05}
}